@MISC{codeproject1,
author = {T. Simpson and T. Dao},
title = {WordNet-based semantic similarity measurement},
month = Feb,
year = {2010},
howpublished = {\url{http://www.codeproject.com/KB/string/semanticsimilaritywordnet.aspx}} }
}
@MISC{codeproject2,
author = {T. Dao},
title = {An improvement on capturing similarity between strings},
month = Aug,
year = {2005},
howpublished = {\url{http://www.codeproject.com/KB/recipes/improvestringsimilarity.aspx}} }
}
@book{knuth1986tex,
  title={TEX: the program},
  author={Knuth, D.E.},
  isbn={9780201134377},
  lccn={lc86001232},
  series={Computers \& typesetting},
  url={http://books.google.be/books?id=BhdUAAAAMAAJ},
  year={1986},
  publisher={Addison-Wesley Pub. Co.}
}
@inproceedings{Malakasiotis:2007:LTE:1654536.1654547,
 author = {Malakasiotis, Prodromos and Androutsopoulos, Ion},
 title = {Learning textual entailment using SVMs and string similarity measures},
 booktitle = {Proceedings of the ACL-PASCAL Workshop on Textual Entailment and Paraphrasing},
 series = {RTE '07},
 year = {2007},
 location = {Prague, Czech Republic},
 pages = {42--47},
 numpages = {6},
 url = {http://dl.acm.org/citation.cfm?id=1654536.1654547},
 acmid = {1654547},
 publisher = {Association for Computational Linguistics},
 address = {Stroudsburg, PA, USA},
}
@InProceedings{ Francis99performancemeasures,
	title = "Performance Measures For Information Extraction",
	author = "John Makhoul Francis and Francis Kubala and Richard Schwartz and Ralph Weischedel",
	pages = "249--252",
	year = "1999"
}